@article{Bachman2014,
author = {Bachman, Ken and Møller, Michael and Nielsen, Niels Christian},
journal = {Finans/Invest},
title = {{Salget af Aktier i Dong}},
volume = {2},
year = {2014}
}
@article{Black1973,
author = {Black, Fisher and  Scholes, Myron},
file = {:Users/njharbo/Dropbox/Dokumenter/Debatindlaeg/DONG/background/black\_scholes73.pdf:pdf},
journal = {Journal of Political Economy},
number = {3},
pages = {637--654},
title = {{The Pricing of Options and Corporate Liabilities Author}},
volume = {81},
year = {2008}
}
@article{NB2014,
author = {{Danmarks Nationalbank}},
file = {:Users/njharbo/Dropbox/Dokumenter/Debatindlaeg/DONG/background/DN\_kvartalsoversigt 4. kvartal 2014.pdf:pdf},
journal = {{Kvartalsoversigt 4}},
title={{Seneste Økonomiske og Monetære Tendenser}},
year = {2014}
}
@techreport{DONG2014,
author = {DONG},
file = {:Users/njharbo/Dropbox/Dokumenter/Debatindlaeg/DONG/background/DONG\_Energy\_Annual\_Report\_DA.pdf:pdf},
title = {{\AA rsrapport 2013}},
year = {2014}
}
@misc{DONG2015,
author = {DONG},
title = {{Misforst\aa elser og Fejl i Politikens Artikler 25. marts 2015 om DONG Energy}},
journal = {http://www.dongenergy.com/da/presse/nyhedsrum/nyheder/articles/misforst\aa{}elser-og-fejl-i-politikens-artikler-25-marts-2015-om-dong-energy},
year = {2015}
}
@article{DONG2015b,
author = {DONG},
title={{Misforståelser og Fakta vedr. Bogen Det Bedste Bud af Journalist Anders Peter Mathiasen}},
journal={http://www.dongenergy.com/da/presse/nyhedsrum/nyheder/articles/misforst\aa{}elser-og-fakta-vedr-bogen-det-bedste-bud-af-journalist-anders-peter-mathiasen},
year={2015}
}
@article{FM2013c,
author = {Finansministeriet},
file = {:Users/njharbo/Dropbox/Dokumenter/Debatindlaeg/DONG/background/Qs/1314627.pdf:pdf},
title = {{B 30 Endeligt Svar P\aa Sp\o rgsm\aa l 19}},
journal = {Finansministerens Svar til Finansudvalget},
year = {2013}
}
@article{FM2013d,
author = {Finansministeriet},
file = {:Users/njharbo/Dropbox/Dokumenter/Debatindlaeg/DONG/background/Qs/1314632.pdf:pdf},
title = {{B 30 Endeligt Svar P\aa Sp\o rgsm\aa l 20}},
journal = {Finansministerens Svar til Finansudvalget},
year = {2013}
}
@article{FM2013e,
author = {Finansministeriet},
file = {:Users/njharbo/Dropbox/Dokumenter/Debatindlaeg/DONG/background/Qs/1314647.pdf:pdf},
title = {{B 30 Endeligt Svar P\aa Sp\o rgsm\aa l 22}},
journal = {Finansministerens Svar til Finansudvalget},
year = {2014}
}
@article{FM2013a,
author = {Finansministeriet},
file = {:Users/njharbo/Dropbox/Dokumenter/Debatindlaeg/DONG/background/20131\_aktstk\_anmeldt37.pdf:pdf},
journal = {Folketingstidende E},
title = {{Aktstykke 37}},
year = {2013}
}
@article{FM2013f,
author = {Finansministeriet},
file = {:Users/njharbo/Dropbox/Dokumenter/Debatindlaeg/DONG/background/Qs/cita.pdf:pdf},
title = {{B 30 Endeligt Svar på Spørgsmål 21}},
journal = {Finansministerens Svar til Finansudvalget},
year = {2013}
}
@misc{FM2013g,
author = {Finansministeriet},
file = {:Users/njharbo/Dropbox/Dokumenter/Debatindlaeg/DONG/background/Qs/fairness-opinion.pdf:pdf},
title = {{B 30 Supplerende Svar P\aa Sp\o rgsm\aa l 16}},
journal = {Finansministerens Svar til Finansudvalget},
year = {2013}
}
@misc{Finansministeriet2013,
author = {Finansministeriet},
title = {{B 30 Supplerende Svar P\aa Sp\o rgsm\aa l 15}},
journal = {Finansministerens Svar til Finansudvalget},
year = {2013}
}
@article{Hansen2014,
author = {Hansen, Niels-Jakob Harbo and Guan Yang},
journal = {Dagbladet Information 27. januar},
title = {{Har Staten K\o bt Verdens Dyreste Forsikring af Goldman Sachs?}},
year = {2014}
}
@article{Moeller2014,
author = {Møller, Michael and Nielsen, Niels Christian},
booktitle = {Politiken},
file = {:Users/njharbo/Dropbox/Dokumenter/Debatindlaeg/DONG/background/Politiken 2.pdf:pdf},
title = {{Dong. Statens Salg er Sv\ae rt at Gennemskue}},
journal = {Politiken 23. januar 2014},
year = {2014}
}
